<?xml version="1.0" encoding="UTF-8"?><collection xmlns="http://www.loc.gov/MARC21/slim"><record><leader>00533nam--2200193-i-4500</leader><controlfield tag="001">000009695</controlfield><controlfield tag="002">20161230</controlfield><controlfield tag="005">20161230201028</controlfield><controlfield tag="008">060222s1000------------r-----000-0-rus-d</controlfield><datafield ind1=" " ind2=" " tag="040"><subfield code="a">IFIN-HH</subfield></datafield><datafield ind1=" " ind2=" " tag="041"><subfield code="a">rus</subfield></datafield><datafield ind1=" " ind2=" " tag="080"><subfield code="a">539.125.5.164</subfield></datafield><datafield ind1="1" ind2=" " tag="100"><subfield code="a">Kramer-ageev, E.A</subfield></datafield><datafield ind1="1" ind2="0" tag="245"><subfield code="a">Aktivationnie metodi spektrometrii neitronov</subfield><subfield code="c">E.a. kramer-ageev, v.s. trosin, e.g. tihonov</subfield></datafield><datafield ind1=" " ind2=" " tag="260"><subfield code="a">Moskva</subfield><subfield code="b">Atomizdat</subfield><subfield code="c">1976</subfield></datafield><datafield ind1=" " ind2=" " tag="300"><subfield code="a">232P</subfield></datafield><datafield ind1="1" ind2=" " tag="700"><subfield code="a">Tihonov, E.G</subfield></datafield><datafield ind1=" " ind2=" " tag="852"><subfield code="a">76045</subfield><subfield code="c">539.1.07:539.1.08</subfield></datafield><datafield ind1=" " ind2=" " tag="CAT"><subfield code="a">Sys</subfield><subfield code="c">20111031</subfield><subfield code="h">150107</subfield></datafield></record></collection>